% This file was created with JabRef 2.10.
% Encoding: UTF-8


@Book{allendowneymatlab,
  Title                    = {Physical Modeling in MATLAB},
  Author                   = {Allen B. Downey},
  Publisher                = {Green Tea Press},
  Year                     = {2011},

  Owner                    = {saad},
  Timestamp                = {2016.02.19},
  Url                      = {http://greenteapress.com/matlab/index.html}
}

@Article{luceinspookyaction,
  Title                    = {Spooky action at a distance in quantum mechanics},
  Author                   = {Lucien Hardy},
  Journal                  = {Contemporary Physics},
  Year                     = {1998},
  Number                   = {6},
  Pages                    = {419-429},
  Volume                   = {39},

  Owner                    = {saad},
  Timestamp                = {2016.02.19}
}

@Book{primerscientificpython,
  Title                    = {A Primer on Scientific Programming with Python (Texts in Computational Science and Engineering)},
  Author                   = {Hans Petter Langtangen},
  Publisher                = {Springer},
  Year                     = {2012},
  Edition                  = {3},

  Owner                    = {saad},
  Timestamp                = {2016.02.19}
}

@Article{qlibpaper,
  Title                    = {QLib - A Matlab Pakage for Quantum Information Theory Calulations with Appliations},
  Author                   = {S. Machnes},
  Year                     = {2007},

  Owner                    = {saad},
  Timestamp                = {2016.02.19},
  Url                      = {http://www.tau.ac.il/~quantum/qlib/QLib_overview.pdf}
}

@Book{nielsenchuang,
  Title                    = {Quantum Computation and Quantum Information},
  Author                   = {Michael A. Nielsen, Isaac L. Chuang},
  Publisher                = {Cambridge University Press},
  Year                     = {2010},
  Edition                  = {10th Anniversary Edition},

  Owner                    = {saad},
  Timestamp                = {2016.02.21}
}

@Article{vedralteleportation,
  Title                    = {Teleportation, entanglement and thermodynamics in the quantum world},
  Author                   = {Martin B. Plenio and Vlatko Vedral},
  Journal                  = {Contemporary Physics},
  Year                     = {1998},
  Number                   = {6},
  Pages                    = {431-446},
  Volume                   = {39},

  Owner                    = {saad},
  Timestamp                = {2016.02.19}
}

@Article{plenioentanglementmeasures,
  Title                    = {An introduction to entanglement measures},
  Author                   = {Martin B. Plenio and Shashank Virmani},
  Journal                  = {Quantum Information and Computation},
  Year                     = {2007},
  Number                   = {1},
  Pages                    = {001-051},
  Volume                   = {07},

  Owner                    = {saad},
  Timestamp                = {2016.02.19}
}

@Article{linentropybellineq,
  Title                    = {Linear entropy and Bell inequalities},
  Author                   = {Santos and Ferrero},
  Journal                  = {Physical Review A},
  Year                     = {2000},
  Number                   = {024101},
  Volume                   = {62},

  Owner                    = {saad},
  Timestamp                = {2016.02.25}
}

@Book{vedralqitbook,
  Title                    = {Introduction to Quantum Information Science},
  Author                   = {Vlatko Vedral},
  Publisher                = {Oxford University Press},
  Year                     = {2013},

  Owner                    = {saad},
  Timestamp                = {2016.02.21}
}

@Article{pleniophysforget,
  Title                    = {The physics of forgetting: Landauer's erasure principle and information theory},
  Author                   = {M. B. Plenio \& V. Vitelli},
  Journal                  = {Contemporary Physics},
  Year                     = {2001},
  Number                   = {1},
  Pages                    = {25-60},
  Volume                   = {42},

  Owner                    = {saad},
  Timestamp                = {2016.02.19}
}

@Electronic{matplotlib,
  Title                    = {matplotlib},
  Url                      = {http://matplotlib.org/},

  Owner                    = {saad},
  Timestamp                = {2016.02.23}
}

@Electronic{numpy,
  Title                    = {NumPy},
  Url                      = {http://www.numpy.org/},

  Owner                    = {saad},
  Timestamp                = {2016.02.23}
}

@Electronic{python,
  Title                    = {Python Programming Language},
  Url                      = {https://www.python.org/},

  Owner                    = {saad},
  Timestamp                = {2016.02.23}
}

@Electronic{qetlab,
  Title                    = {QETLAB},
  Url                      = {http://www.qetlab.com/},

  Owner                    = {saad},
  Timestamp                = {2016.02.23}
}

@Electronic{qitensor,
  Title                    = {qitensor},
  Url                      = {https://github.com/dstahlke/qitensor},

  Owner                    = {saad},
  Timestamp                = {2016.02.23}
}

@Electronic{qlib,
  Title                    = {QLib},
  Url                      = {http://www.tau.ac.il/~quantum/qlib/qlib.html},

  Owner                    = {saad},
  Timestamp                = {2016.02.23}
}

@Electronic{quantikiqcsimulators,
  Title                    = {List of QC Simulators | Quantiki},
  Url                      = {https://quantiki.org/wiki/list-qc-simulators},

  Owner                    = {saad},
  Timestamp                = {2016.02.22}
}

@Electronic{quantuminformationtoolkit,
  Title                    = {Quantum Information Toolkit},
  Url                      = {http://qit.sourceforge.net/},

  Owner                    = {saad},
  Timestamp                = {2016.02.23}
}

@Electronic{qutipdoc,
  Title                    = {QuTiP documentation},
  Url                      = {http://qutip.org/documentation.html},

  Owner                    = {saad},
  Timestamp                = {2016.02.19}
}

@Electronic{scipy,
  Title                    = {SciPy},
  Url                      = {https://www.scipy.org/},

  Owner                    = {saad},
  Timestamp                = {2016.02.23}
}

@Electronic{sympy,
  Title                    = {SymPy},
  Url                      = {http://www.sympy.org/},

  Owner                    = {saad},
  Timestamp                = {2016.02.23}
}

@Electronic{wolframexperimentalmath,
  Title                    = {Experimental Mathematics},
  Url                      = {http://mathworld.wolfram.com/ExperimentalMathematics.html},

  Owner                    = {saad},
  Timestamp                = {2016.02.22}
}

